@Book{Kottwitz:2011,
    author = {Stefan KOTTWITZ},
    title = {LaTeX : beginner's guid},
    chapter = {Getting Started with LaTeX},
    publisher = {Packt Publishing},
    address = {Birmingham},
    year = {2011},
    edition = {1},
    ISBN = {9781847199867},
}

@Misc{Typography,
    author = {Verena GERLACH},
    title = {Slanted : Typography and Graphic Design.},
    howpublished = {online},
    year = {2011},
    cited = {2018-02-11},
    url = {https://www.slanted.de/product/slanted-12-women-typography-graphic-design/}
}

@Article{Mixner:2012,
    author = {Robert MIXNER},
    title = {Haley, Allan \& others. Typography Referenced: A Comprehensive Visual Guide to the Language, History, and Practice of Typography},
    journal = {Library Journal},
    year = {2012},
    number = {4},
    volume = {137},
    issn = {0363-0277},
}

@Book{Lamport:1994,
	author = {Leslie LAMPORT},
	title = {LaTeX: A Document Preparation System},
	chapter = {Preface},
	publisher = {Addison Wesley Longman},
	address = {Boston},
	year = {1994},
	edition = {2},
	ISBN = {978-8177584141},
}

@Misc{Versions,
    author = {WIKIPEDIA},
    title = {\LaTeX},
    howpublished = {online},
    revised = {Posledná zmena 9. apríla 2020},
    cited = {2020-04-10},
    url = {https://en.wikipedia.org/wiki/LaTeX}
}

@MastersThesis{Cerny:2010,
    author = {Lukáš ČERNÝ},
    title = {Konverze prezentací mezi platformou LaTeX a Microsoft Power Point},
    school = {VUT FIT Brno},
    year = {2010},
    type = {Diplomová práca}
}


@Misc{Font,
    author = {Junichi SOMEYA},
    title = {IDEA: Design of Amachan / Kyary Pamyu Pamyu Graphics / Period of Idol Identity / Letters and Design of Junichi Someya},
    howpublished = {online},
    year = {2013-11},
    cited = {2016-07-21},
    url = {http://www.idea-mag.com/en/idea_magazine/361/}
}

@MastersThesis{Bunka:2008,
author = {Roman BUŇKA},
title = {Možnosti grafiky a prezentace v systémech TeX a LaTeX},
school = {FEKT VUT Brno},
year = {2008},
type = {Bakalárska práca} 
}

@Article{Capilla:2012,
    author = {Fuster CAPILLA and Robert RICARD},
    title = {The calculator and calculus packages: Arithmetic and functional calculations inside LaTeX},
    journal = {TUGboat},
    year = {2012},
    number = {3},
    volume = {33},
    issn = {0896-3207}
}

@Article{Capilla:2013,
    author = {Fuster CAPILLA and Robert RICARD},
    title = {The xpicture package},
    journal = {TUGboat},
    year = {2013},
    number = {1},
    volume = {34},
    issn = {0896-3207},
}


